@STRING{cmame	= "Computer Methods in Applied Mechanics and Engineering"}

@article{bertailsdescoubes:inria-00557706,
  AUTHOR =	 {Bertails-Descoubes, F. and Cadoux, F. and Daviet,
                  G. and Acary, V.},
  TITLE =	 {{A Nonsmooth Newton Solver for Capturing Exact
                  Coulomb Friction in Fiber Assemblies}},
  JOURNAL =	 {{ACM Transactions on Graphics}},
  PUBLISHER =	 {ACM},
  YEAR =	 2011,
  MONTH =	 Jan,
  KEYWORDS =	 {Contact, Coulomb friction, dynamics of thin elastic
                  rods, constraint-based method, knot tying, hair
                  simulation},
  URL =		 {http://hal.inria.fr/inria-00557706}
}

@article{Jean1999,
  author =	 {Jean, M.},
  title =	 {The Non Smooth Contact Dynamics Method},
  journal =	 cmame,
  pages =	 {235-257},
  year =	 1999,
  volume =	 177,
  note =	 {Special issue on computational modeling of contact
                  and friction, J.A.C. Martins and A. Klarbring,
                  editors},
  editor =	 {Martins, J.A.C. and Klarbring, A.}
}
@inproceedings{Acary.Jean98,
  crossref =	 {Monument98},
  author =	 {Acary, V. and Jean, M.},
  title =	 {Numerical simulation of monuments by the contacts
                  dynamics method},
  pages =	 {69-78}
}
@proceedings{Monument98,
  editor =	 {DGEMN-LNEC-JRC},
  title =	 {Monument-98},
  year =	 1998,
  month =	 {November 12-14},
  booktitle =	 {Monument-98, Workshop on seismic perfomance of
                  monuments},
  adress =	 {Lisboa, Portugal},
  publisher =	 {Laborat\'orio Nacional de engenharia Civil (LNEC)}
}
